@book{book:339441,
   title =     {Fundamentals of Algorithmics},
   author =    {Gilles Brassard, Paul Bratley},
   publisher = {Prentice Hall},
   isbn =      {0133350681},
   year =      {1995},
   edition =   {US ed}
}

@book{book:562370,
   title =     {Introduction to algorithms},
   author =    {Thomas H. Cormen, Charles E. Leiserson, Ronald L. Rivest, Clifford Stein},
   publisher = {The MIT Press},
   isbn =      {0262033844},
   year =      {2009},
   edition =   {3}
}

@book{jayme,
    title =     {Estruturas de dados e seus algoritmos},
    author  =   {Jayme Luiz Szwarcfiter, Lilian Markenzon},
    publisher=  {Rio de Janeiro: LTC},
    isbn =      {9788521617501},
    year =      {2010},
    edition =   {3},
    pages =     {302}
}